<?xml version='1.0' encoding='UTF-8'?>
<record xmlns="http://www.loc.gov/MARC21/slim">
  <leader>05292cam a2200385 a 4500</leader>
  <controlfield tag="001">1112578</controlfield>
  <controlfield tag="003">NjP</controlfield>
  <controlfield tag="005">20170613155218.0</controlfield>
  <controlfield tag="008">950616s1852    ua            000 0 ara d</controlfield>
  <datafield tag="024" ind1="7" ind2=" ">
    <subfield code="a">princeton_aco002999</subfield>
    <subfield code="2">local</subfield>
  </datafield>
  <datafield ind1=" " ind2=" " tag="035">
    <subfield code="a">(OCoLC)ocn176522636</subfield>
  </datafield>
  <datafield ind1=" " ind2=" " tag="035">
    <subfield code="a">(OCoLC)36356739</subfield>
  </datafield>
  <datafield ind1=" " ind2=" " tag="040">
    <subfield code="a">NjP</subfield>
    <subfield code="c">PUL</subfield>
    <subfield code="d">PUL</subfield>
  </datafield>
  <datafield ind1=" " ind2=" " tag="035">
    <subfield code="a">(OCoLC)176522636</subfield>
  </datafield>
  <datafield ind1=" " ind2=" " tag="035">
    <subfield code="a">(CStRLIN)NJPG95-B37554</subfield>
  </datafield>
  <datafield ind1=" " ind2=" " tag="035">
    <subfield code="9">CCK6679TS</subfield>
  </datafield>
  <datafield ind1=" " ind2=" " tag="035">
    <subfield code="a">(NjP)1112578</subfield>
  </datafield>
  <datafield ind1=" " ind2=" " tag="079">
    <subfield code="a">ocm36356739</subfield>
  </datafield>
  <datafield ind1=" " ind2=" " tag="049">
    <subfield code="a">PULL</subfield>
  </datafield>
  <datafield ind1="1" ind2=" " tag="100">
    <subfield code="6">880-01</subfield>
    <subfield code="a">Kumushkhānawī, Aḥmad ibn Muṣṭafá,</subfield>
    <subfield code="d">1812 or 13-1893 or 4.</subfield>
    <subfield code="0">http://id.loc.gov/authorities/names/nr91020407</subfield>
  </datafield>
  <datafield ind1="1" ind2="0" tag="245">
    <subfield code="6">880-02</subfield>
    <subfield code="a">Najāt al-ghāfilīn /</subfield>
    <subfield code="c">[Aḥmad Ḍiyāʼ al-Dīn ibn Muṣṭafá]</subfield>
  </datafield>
  <datafield ind1=" " ind2=" " tag="260">
    <subfield code="6">880-03</subfield>
    <subfield code="a">[Cairo] :</subfield>
    <subfield code="b">Dār al-Ṭibāʻah al-ʻĀmirah,</subfield>
    <subfield code="c">1268 [1852]</subfield>
  </datafield>
  <datafield ind1=" " ind2=" " tag="300">
    <subfield code="a">43 p. ;</subfield>
    <subfield code="c">18 cm.</subfield>
  </datafield>
  <datafield ind1=" " ind2=" " tag="500">
    <subfield code="a">Caption title.</subfield>
  </datafield>
  <datafield ind1=" " ind2=" " tag="590">
    <subfield code="6">880-04</subfield>
    <subfield code="a">With: Hādhihi Qiṣṣat Muʻādh ibn Jabal, raḍiya Allāh taʻālá ʻanhu, wa-wafāt al-Nabī, ṣallá Allāh ʻalayhi wa-sallam, ʻalá al-tamām wa-al-kamāl, wa-al-ḥamd li-Allāh ʻalá kull ḥāl. Miṣr : al-Maṭbaʻah al-Kastalīyah, 1861. Kitāb Khulāṣat al-tarjīḥ lil-dīn al-ṣaḥīḥ, wa-yalīhā Mukhtaṣar al-ajwibah al-jalīyah li-daḥḍ al-daʻawāt al-Naṣrānīyah / Muḥammad ibn ʻAlī al-Ṭībī al-Shāfiʻī. [S.l. : s.n.], 1863. Hādhihi Qiṣṣat tawbah naṣūḥ, wa-qiṣṣat Ahl al-Kahf, ʻalá al-tamām wa-al-kamāl. [Cairo?] : Maṭbaʻat al-Ḥajar al-Bāhirah al-Munīfah, 1862. Hādhihi Qiṣṣat al-jumjumah, ʻalá al-tamām. [S.l. : s.n., 186-?]. Hādhihi Qiṣṣat Masrūr al-Tājir maʻa maʻshūqatihi Zayn al-Mawāṣif, bi-al-tamām. Miṣr : al-Maṭbaʻah al-Kastalīyah, 1861. Hādhihi Qiṣṣat Dalīlah al-Muḥtālah wa-bintihā Zaynab al-Naṣṣābah wa-akhīhā Zurayq al-Sammāk maʻa Aḥmad al-Danaf wa-Ḥasan Shūmān wa-ʻAlī al-Zaybaq al-Miṣrī. al-Qāhirah : Dār al-Ṭibāʻah al-ʻĀmirah, 1862. Qarār taḍmīnāt Masīḥīyī Dimashq, sanat 1277. [S.l. : s.n., 1860?]. Bound together subsequent to publication.</subfield>
  </datafield>
  <datafield ind1=" " ind2=" " tag="590">
    <subfield code="a">With: Hādhihi Qiṣṣat Muʻādh ibn Jabal, raḍiya Allāh taʻālá ʻanhu, wa-wafāt al-Nabī, ṣallá Allāh ʻalayhi wa-sallam, ʻalá al-tamām wa-al-kamāl, wa-al-ḥamd li-Allāh ʻalá kull ḥāl. Miṣr : al-Maṭbaʻah al-Kastalīyah, 1861. Kitāb Khulāṣat al-tarjīḥ lil-dīn al-ṣaḥīḥ, wa-yalīhā Mukhtaṣar al-ajwibah al-jalīyah li-daḥḍ al-daʻawāt al-Naṣrānīyah / Muḥammad ibn ʻAlī al-Ṭībī al-Shāfiʻī. [S.l. : s.n.], 1863. Hādhihi Qiṣṣat tawbah naṣūḥ, wa-qiṣṣat Ahl al-Kahf, ʻalá al-tamām wa-al-kamāl. [Cairo?] : Maṭbaʻat al-Ḥajar al-Bāhirah al-Munīfah, 1862. Hādhihi Qiṣṣat al-jumjumah, ʻalá al-tamām. [S.l. : s.n., 186-?]. Hādhihi Qiṣṣat Masrūr al-Tājir maʻa maʻshūqatihi Zayn al-Mawāṣif, bi-al-tamām. Miṣr : al-Maṭbaʻah al-Kastalīyah, 1861. Hādhihi Qiṣṣat Dalīlah al-Muḥtālah wa-bintihā Zaynab al-Naṣṣābah wa-akhīhā Zurayq al-Sammāk maʻa Aḥmad al-Danaf wa-Ḥasan Shūmān wa-ʻAlī al-Zaybaq al-Miṣrī. al-Qāhirah : Dār al-Ṭibāʻah al-ʻĀmirah, 1862. Qarār taḍmīnāt Masīḥīyī Dimashq, sanat 1277. [S.l. : s.n., 1860?]. Bound together subsequent to publication.</subfield>
  </datafield>
  <datafield ind1=" " ind2="0" tag="650">
    <subfield code="a">Sin (Islam)</subfield>
    <subfield code="0">http://id.loc.gov/authorities/subjects/sh85122779</subfield>
  </datafield>
  <datafield ind1="1" ind2=" " tag="880">
    <subfield code="6">100-01/r</subfield>
    <subfield code="a">كمشخانوي، احمد بن مصطفى،</subfield>
    <subfield code="d">1812 or 13-1893 or 4.</subfield>
  </datafield>
  <datafield ind1="1" ind2="0" tag="880">
    <subfield code="6">245-02/r</subfield>
    <subfield code="a">نجات الغافلين /</subfield>
    <subfield code="c">[احمد ضياء الدين بن مصطفى]</subfield>
  </datafield>
  <datafield ind1=" " ind2=" " tag="880">
    <subfield code="6">260-03/r</subfield>
    <subfield code="a">[القاهرة] :</subfield>
    <subfield code="b">دار الطباعة العامرة،</subfield>
    <subfield code="c">1268 [1852]</subfield>
  </datafield>
  <datafield ind1=" " ind2=" " tag="880">
    <subfield code="6">590-04/r</subfield>
    <subfield code="a">وث: هذه قصة معاذ بن جبل، رضي الله تعالى عنه، و وفات النبي، صلى الله عليه وسلم، على التمام و الكمال، و الحمد لالله على كل حال. مصر : المطبعة الكستلية، 1861. كتاب خلاصة الترجيح للدين الصحيح، ويليها مختصر الاجوبة الجلية لدحض الدعوات النصرانية / محمد بن علي الطيبي الشافعي. [S.l. : s.n.]، 1863. هذه قصة توبة نصوح، و قصة اهل الكهف، على التمام والكمال. [ر؟] : مطبعة الحجر الباهرة المنيفة، 1862. هاذه قصة الجمجمة، على التمام. [S.l. : س.ن.، 186-؟]. هاذه قصة مسرور التاجر مع معشوقته زين المواصف، بالتمام. مصر : المطبعة الكستلية، 1861. هذه قصة دليلة المحتالة و بنتها زينب النصابة و اخيها زريق السماك مع احمد الدنف و حسن شومان و علي الزيبق المصري. القاهرة : دار الطباعة العامرة، 1862. قرار تضمينات مسيحيي دمشق، سنة 1277. [S.l. : س.ن.، 1860؟]. بند تگثر سبسقنت ت پبلتن.</subfield>
  </datafield>
  <datafield ind1=" " ind2=" " tag="998">
    <subfield code="a">01/27/97</subfield>
    <subfield code="s">9114</subfield>
    <subfield code="n">NjP</subfield>
    <subfield code="w">NJPG95B37554</subfield>
    <subfield code="d">06/16/95</subfield>
    <subfield code="c">AAH</subfield>
    <subfield code="b">KC</subfield>
    <subfield code="i">970127</subfield>
    <subfield code="l">NJPG</subfield>
  </datafield>
  <datafield ind1=" " ind2=" " tag="948">
    <subfield code="a">Bw 1</subfield>
  </datafield>
  <datafield ind1=" " ind2=" " tag="911">
    <subfield code="a">19970206</subfield>
  </datafield>
  <datafield ind1=" " ind2=" " tag="912">
    <subfield code="a">19970127000000.0</subfield>
  </datafield>
  <datafield ind1=" " ind2=" " tag="994">
    <subfield code="a">C0</subfield>
    <subfield code="b">PUL</subfield>
  </datafield>
  <datafield ind1=" " ind2=" " tag="999">
    <subfield code="a">1112578</subfield>
  </datafield>
  <datafield ind1="0" ind2="0" tag="852">
    <subfield code="0">1277705</subfield>
    <subfield code="b">rcppa</subfield>
    <subfield code="t">1</subfield>
    <subfield code="h">BP188.13</subfield>
    <subfield code="i">.K858 1852</subfield>
    <subfield code="x">tr fr arab</subfield>
  </datafield>
  <datafield ind1=" " ind2=" " tag="959">
    <subfield code="a">2000-06-13 00:00:00 -0500</subfield>
  </datafield>
</record>
